@book{Glassner1989,
  title     = {An Introduction to Ray Tracing},
  editor    = {Glassner, Andrew S.},
  year      = {1989},
  publisher = {Elsevier}
}

@article{Whitted1980,
  title   = {An Improved Illumination Model for Shaded Display},
  author  = {Whitted, Turner},
  journal = {Communications of the ACM},
  volume  = {23},
  number  = {6},
  pages   = {343--349},
  year    = {1980}
}

@inproceedings{Kajiya1986,
  title     = {The Rendering Equation},
  author    = {Kajiya, James T.},
  booktitle = {Proceedings of the 13th Annual Conference on Computer Graphics and Interactive Techniques},
  pages     = {143--150},
  year      = {1986}
}

@phdthesis{Veach1997,
  title  = {Robust Monte Carlo Methods for Light Transport Simulation},
  author = {Veach, Eric},
  year   = {1997},
  school = {Stanford University}
}

@book{Pharr2016,
  title     = {Physically Based Rendering: From Theory to Implementation},
  author    = {Pharr, Matt and Jakob, Wenzel and Humphreys, Greg},
  year      = {2016},
  publisher = {Morgan Kaufmann}
}

@inproceedings{Keller2015,
  title        = {The path tracing revolution in the movie industry},
  author       = {Keller, Alexander and Fascione, Luca and Fajardo, Marcos and Georgiev, Iliyan and Christensen, Per and Hanika, Johannes and Eisenacher, Christian and Nichols, Greg and Hachisuka, Toshiya},
  booktitle    = {ACM SIGGRAPH 2015 Courses},
  pages        = {1--7},
  year         = {2015},
  organization = {ACM}
}

@article{Christensen2018,
  title     = {Multiresolution radiosity caching for efficient preview and final quality global illumination in movies},
  author    = {Christensen, Per and Harker, George and Shade, Jonathan and Schubert, Brenden and Batali, Dana},
  journal   = {ACM Transactions on Graphics (TOG)},
  volume    = {37},
  number    = {5},
  pages     = {1--12},
  year      = {2018},
  publisher = {ACM New York, NY, USA}
}

@inproceedings{Schied2017,
  title     = {Spatiotemporal variance-guided filtering: real-time reconstruction for path-traced global illumination},
  author    = {Schied, Christoph and Kaplanyan, Anton and Wyman, Chris and Patney, Anjul and Chaitanya, Chakravarty R Alla and Burgess, John and Liu, Shiqiu and Dachsbacher, Carsten and Lefohn, Aaron and Salvi, Marco},
  booktitle = {Proceedings of High Performance Graphics},
  pages     = {1--12},
  year      = {2017}
}

@misc{cornellbox,
  title        = {Cornell Box},
  author       = {Henrik Wann Jensen},
  howpublished = {\url{https://graphics.stanford.edu/~henrik/images/cbox.html} },
  note         = {Accessed: 21 Oct 2024}
}

@misc{quadonsphereprojection,
  title        = {Physically Based Rendering:From Theory To Implementation},
  author       = {Matt and Pharr, Wenzel and Jakob, Greg and Humphreys},
  year         = {2004-2023},
  note         = {[Online; accessed Nov 9, 2024]},
  howpublished = {\url{https://pbr-book.org/4ed/Geometry_and_Transformations/Spherical_Geometry#SphericalPolygons}}
}

@misc{stanfordbunny,
  title        = {Stanford Bunny},
  author       = {{Stanford University Computer Graphics Laboratory}},
  howpublished = {\url{https://graphics.stanford.edu/data/3Dscanrep/}},
  note         = {Accessed: 11 Nov 2024}
}

@article{discretebunny,
  author  = {Rossi, Alessandro and Barbiero, Marco and Scremin, Paolo and Carli, Ruggero},
  year    = {2021},
  month   = {06},
  pages   = {96},
  title   = {Robust Visibility Surface Determination in Object Space via Plücker Coordinates},
  volume  = {7},
  journal = {Journal of Imaging},
  doi     = {10.3390/jimaging7060096}
}

@article{trumboreintersection,
  author    = {Tomas Möller and Ben Trumbore},
  title     = {Fast, Minimum Storage Ray-Triangle Intersection},
  journal   = {Journal of Graphics Tools},
  volume    = {2},
  number    = {1},
  pages     = {21--28},
  year      = {1997},
  publisher = {Taylor \& Francis},
  doi       = {10.1080/10867651.1997.10487468},
  url       = {https://doi.org/10.1080/10867651.1997.10487468},
  eprint    = {https://doi.org/10.1080/10867651.1997.10487468}
}

@misc{gpumatrixmultiplication,
  title        = {Why can GPU do matrix multiplication faster than CPU?},
  author       = {Mohammad Ashar Khan},
  year         = {2024},
  note         = {[Online; accessed Nov 11, 2024]},
  howpublished = {\url{https://stackoverflow.com/a/51345265}}
}

@article{imagequality,
  author    = {Horé, Alain and Ziou, Djemel},
  booktitle = {2010 20th International Conference on Pattern Recognition},
  title     = {Image Quality Metrics: PSNR vs. SSIM},
  year      = {2010},
  pages     = {2366-2369},
  doi       = {10.1109/ICPR.2010.579}
}
